
    <zs:record>
      <zs:recordSchema/>
      <zs:recordPacking>xml</zs:recordPacking>
      <zs:recordData>
        <record xmlns="http://www.loc.gov/MARC21/slim">
          <leader>01559nam a2200277 a 4500</leader>
          <controlfield tag="001">3364048</controlfield>
          <controlfield tag="005">19861009000000.0</controlfield>
          <controlfield tag="008">861008s1981    oncc     b    011 0 eng c</controlfield>
          <datafield tag="035" ind1=" " ind2=" ">
            <subfield code="9">(DLC)   86673546</subfield>
          </datafield>
          <datafield tag="906" ind1=" " ind2=" ">
            <subfield code="a">7</subfield>
            <subfield code="b">cbc</subfield>
            <subfield code="c">orignew</subfield>
            <subfield code="d">u</subfield>
            <subfield code="e">ncip</subfield>
            <subfield code="f">19</subfield>
            <subfield code="g">y-gencatlg</subfield>
          </datafield>
          <datafield tag="010" ind1=" " ind2=" ">
            <subfield code="a">   86673546 </subfield>
          </datafield>
          <datafield tag="020" ind1=" " ind2=" ">
            <subfield code="a">0889200971</subfield>
          </datafield>
          <datafield tag="040" ind1=" " ind2=" ">
            <subfield code="a">MH</subfield>
            <subfield code="c">MH</subfield>
            <subfield code="d">DLC</subfield>
          </datafield>
          <datafield tag="043" ind1=" " ind2=" ">
            <subfield code="a">e-fr---</subfield>
          </datafield>
          <datafield tag="050" ind1="1" ind2="4">
            <subfield code="a">DC142</subfield>
            <subfield code="b">.B68x 1981</subfield>
          </datafield>
          <datafield tag="245" ind1="0" ind2="0">
            <subfield code="a">Bourgeois, sans-culottes, and other Frenchmen :</subfield>
            <subfield code="b">essays on the French Revolution in honor of John Hall Stewart /</subfield>
            <subfield code="c">edited by Morris Slavin and Agnes M. Smith.</subfield>
          </datafield>
          <datafield tag="260" ind1=" " ind2=" ">
            <subfield code="a">Waterloo, Ont., Canada :</subfield>
            <subfield code="b">Wilfrid Laurier University Press,</subfield>
            <subfield code="c">c1981.</subfield>
          </datafield>
          <datafield tag="300" ind1=" " ind2=" ">
            <subfield code="a">x, 139 p. :</subfield>
            <subfield code="b">port. ;</subfield>
            <subfield code="c">24 cm.</subfield>
          </datafield>
          <datafield tag="504" ind1=" " ind2=" ">
            <subfield code="a">"Publications by John Hall Stewart": p. [131]-133.</subfield>
          </datafield>
          <datafield tag="504" ind1=" " ind2=" ">
            <subfield code="a">Includes bibliographical references and index.</subfield>
          </datafield>
          <datafield tag="505" ind1="0" ind2=" ">
            <subfield code="a">When and why Lafayette became a revolutionary / Stanley J. Idzerda -- Conrad-Alexandre Gérard and the coming of the Revolution in Alsace / Ruth Strong Hudson -- Marriage, divorce, and the status of women during the terror / Themistocles Rodis -- Section Roi-de-Sicile and the fall of the monarchy / Morris Slavin -- The intellectual origins of Babouvism / James R. Harkins -- François Emmanuel Toulongeon / Agnes M. Smith -- The ardent historian of an ardent history, Albert Mathiez / James Friguglietti.</subfield>
          </datafield>
          <datafield tag="651" ind1=" " ind2="0">
            <subfield code="a">France</subfield>
            <subfield code="x">History</subfield>
            <subfield code="y">Revolution, 1789-1799.</subfield>
          </datafield>
          <datafield tag="600" ind1="1" ind2="0">
            <subfield code="a">Stewart, John Hall,</subfield>
            <subfield code="d">1904- </subfield>
          </datafield>
          <datafield tag="700" ind1="1" ind2=" ">
            <subfield code="a">Stewart, John Hall,</subfield>
            <subfield code="d">1904- </subfield>
          </datafield>
          <datafield tag="700" ind1="1" ind2=" ">
            <subfield code="a">Slavin, Morris,</subfield>
            <subfield code="d">1913- </subfield>
          </datafield>
          <datafield tag="700" ind1="1" ind2=" ">
            <subfield code="a">Smith, Agnes M.</subfield>
            <subfield code="q">(Agnes Monroe),</subfield>
            <subfield code="d">1920- </subfield>
          </datafield>
        </record>
      </zs:recordData>
      <zs:recordPosition>2</zs:recordPosition>
    </zs:record>