
    <zs:record>
      <zs:recordSchema/>
      <zs:recordPacking>xml</zs:recordPacking>
      <zs:recordData>
        <record xmlns="http://www.loc.gov/MARC21/slim">
          <leader>01085cam a2200265u  4500</leader>
          <controlfield tag="001">6347828</controlfield>
          <controlfield tag="005">20160223070640.0</controlfield>
          <controlfield tag="008">820803s1909    enkh    a     000 0 eng  </controlfield>
          <datafield tag="035" ind1=" " ind2=" ">
            <subfield code="9">(DLC)   09027435</subfield>
          </datafield>
          <datafield tag="906" ind1=" " ind2=" ">
            <subfield code="a">0</subfield>
            <subfield code="b">cbc</subfield>
            <subfield code="c">premunv</subfield>
            <subfield code="d">u</subfield>
            <subfield code="e">ncip</subfield>
            <subfield code="f">19</subfield>
            <subfield code="g">y-gencatlg</subfield>
          </datafield>
          <datafield tag="010" ind1=" " ind2=" ">
            <subfield code="a">   09027435 </subfield>
          </datafield>
          <datafield tag="040" ind1=" " ind2=" ">
            <subfield code="a">DLC</subfield>
            <subfield code="c">CarP</subfield>
            <subfield code="d">DLC</subfield>
          </datafield>
          <datafield tag="050" ind1="1" ind2="0">
            <subfield code="a">BS1993</subfield>
            <subfield code="b">.C6 1909</subfield>
          </datafield>
          <datafield tag="050" ind1="0" ind2="0">
            <subfield code="a">Microfilm 82/5920 (BS)</subfield>
          </datafield>
          <datafield tag="130" ind1="0" ind2=" ">
            <subfield code="a">Bible. Syriac (Palestinian) Selections. 1909. [from old catalog]</subfield>
          </datafield>
          <datafield tag="245" ind1="1" ind2="0">
            <subfield code="a">Codex Climaci rescriptus;</subfield>
            <subfield code="b">fragments of sixth century Palestinian Syriac texts of the Gospels,</subfield>
          </datafield>
          <datafield tag="260" ind1=" " ind2=" ">
            <subfield code="a">Cambridge [Eng.]</subfield>
            <subfield code="b">University press,</subfield>
            <subfield code="c">1909.</subfield>
          </datafield>
          <datafield tag="300" ind1=" " ind2=" ">
            <subfield code="a">3 p. l., [vii]-xxxi, 201 p. vii fold. facsim.</subfield>
            <subfield code="c">26 cm.</subfield>
          </datafield>
          <datafield tag="630" ind1="0" ind2="0">
            <subfield code="a">Bible. Syriac (Palestinian)</subfield>
            <subfield code="v">Translations into Greek.</subfield>
          </datafield>
          <datafield tag="730" ind1="0" ind2="2">
            <subfield code="a">Bible. Greek. Selections. 1909. [from old catalog]</subfield>
          </datafield>
          <datafield tag="730" ind1="0" ind2=" ">
            <subfield code="a">Bible. Manuscripts, Syriac. Codex Climaci rescriptus. [from old catalog]</subfield>
          </datafield>
          <datafield tag="700" ind1="1" ind2=" ">
            <subfield code="a">Lewis, Agnes Smith,</subfield>
            <subfield code="d">1843-1926,</subfield>
            <subfield code="e">ed.</subfield>
          </datafield>
          <datafield tag="700" ind1="1" ind2=" ">
            <subfield code="a">Nestle, Eberhard,</subfield>
            <subfield code="d">1851-1913,</subfield>
            <subfield code="e">tr.</subfield>
          </datafield>
          <datafield tag="985" ind1=" " ind2=" ">
            <subfield code="g">pmosl</subfield>
          </datafield>
          <datafield tag="991" ind1=" " ind2=" ">
            <subfield code="b">c-MicRR</subfield>
            <subfield code="h">Microfilm 82/5920 (BS)</subfield>
            <subfield code="t">Copy 1</subfield>
            <subfield code="w">PREM</subfield>
          </datafield>
        </record>
      </zs:recordData>
      <zs:recordPosition>3</zs:recordPosition>
    </zs:record>