
    <zs:record>
      <zs:recordSchema/>
      <zs:recordPacking>xml</zs:recordPacking>
      <zs:recordData>
        <record xmlns="http://www.loc.gov/MARC21/slim">
          <leader>01205cam a22002771  4500</leader>
          <controlfield tag="001">6829824</controlfield>
          <controlfield tag="005">20130506123827.0</controlfield>
          <controlfield tag="008">760915s1894    enk           000 0 syr  </controlfield>
          <datafield tag="906" ind1=" " ind2=" ">
            <subfield code="a">7</subfield>
            <subfield code="b">cbc</subfield>
            <subfield code="c">oclcrpl</subfield>
            <subfield code="d">u</subfield>
            <subfield code="e">ncip</subfield>
            <subfield code="f">19</subfield>
            <subfield code="g">y-gencatlg</subfield>
          </datafield>
          <datafield tag="010" ind1=" " ind2=" ">
            <subfield code="a">   13020454 </subfield>
          </datafield>
          <datafield tag="035" ind1=" " ind2=" ">
            <subfield code="9">(DLC)   13020454</subfield>
          </datafield>
          <datafield tag="035" ind1=" " ind2=" ">
            <subfield code="a">(OCoLC)2433500</subfield>
          </datafield>
          <datafield tag="040" ind1=" " ind2=" ">
            <subfield code="a">DLC</subfield>
            <subfield code="c">AzU</subfield>
            <subfield code="d">AzU</subfield>
            <subfield code="d">TQG</subfield>
            <subfield code="d">OCoLC</subfield>
            <subfield code="d">DLC</subfield>
          </datafield>
          <datafield tag="041" ind1="0" ind2=" ">
            <subfield code="a">syreng</subfield>
          </datafield>
          <datafield tag="042" ind1=" " ind2=" ">
            <subfield code="a">premarc</subfield>
          </datafield>
          <datafield tag="050" ind1="0" ind2="0">
            <subfield code="a">BS2550</subfield>
            <subfield code="b">.A2 1894</subfield>
          </datafield>
          <datafield tag="130" ind1="0" ind2=" ">
            <subfield code="a">Bible.</subfield>
            <subfield code="p">Gospels.</subfield>
            <subfield code="l">Syriac.</subfield>
            <subfield code="f">1894.</subfield>
          </datafield>
          <datafield tag="245" ind1="1" ind2="4">
            <subfield code="a">The four Gospels in Syriac,</subfield>
            <subfield code="c">transcribed from the Sinaitic palimpsest by the late Robert L. Bensly and by J. Rendel Harris and by F. Crawford Burkitt, with an introduction by Agnes Smith Lewis.  Edited for the syndics of the University Press.</subfield>
          </datafield>
          <datafield tag="260" ind1=" " ind2=" ">
            <subfield code="a">Cambridge [Eng.]</subfield>
            <subfield code="b">The University Press,</subfield>
            <subfield code="c">1894.</subfield>
          </datafield>
          <datafield tag="300" ind1=" " ind2=" ">
            <subfield code="a">xlvi, [2], 318 p., 1 l.</subfield>
            <subfield code="b">front. (facsims.)</subfield>
            <subfield code="c">30 cm.</subfield>
          </datafield>
          <datafield tag="700" ind1="1" ind2=" ">
            <subfield code="a">Bensly, Robert L.</subfield>
            <subfield code="q">(Robert Lubbock),</subfield>
            <subfield code="d">1831-1893.</subfield>
          </datafield>
          <datafield tag="700" ind1="1" ind2=" ">
            <subfield code="a">Harris, J. Rendel</subfield>
            <subfield code="q">(James Rendel),</subfield>
            <subfield code="d">1852-1941.</subfield>
          </datafield>
          <datafield tag="700" ind1="1" ind2=" ">
            <subfield code="a">Burkitt, F. Crawford</subfield>
            <subfield code="q">(Francis Crawford),</subfield>
            <subfield code="d">1864-1935.</subfield>
          </datafield>
          <datafield tag="700" ind1="1" ind2=" ">
            <subfield code="a">Lewis, Agnes Smith,</subfield>
            <subfield code="d">1843-1926.</subfield>
          </datafield>
          <datafield tag="985" ind1=" " ind2=" ">
            <subfield code="e">OCLC REPLACEMENT cdsdistr</subfield>
          </datafield>
          <datafield tag="991" ind1=" " ind2=" ">
            <subfield code="b">c-GenColl</subfield>
            <subfield code="h">BS2550</subfield>
            <subfield code="i">.A2 1894</subfield>
            <subfield code="p">00001449552</subfield>
            <subfield code="t">Copy 1</subfield>
            <subfield code="w">OCLCREP</subfield>
          </datafield>
        </record>
      </zs:recordData>
      <zs:recordPosition>4</zs:recordPosition>
    </zs:record>