
    <zs:record>
      <zs:recordSchema/>
      <zs:recordPacking>xml</zs:recordPacking>
      <zs:recordData>
        <record xmlns="http://www.loc.gov/MARC21/slim">
          <leader>01030cam a22002051i 4500</leader>
          <controlfield tag="001">1768346</controlfield>
          <controlfield tag="005">20130411130431.0</controlfield>
          <controlfield tag="008">770817q19001977xx fh    b    000 0 eng  </controlfield>
          <datafield tag="906" ind1=" " ind2=" ">
            <subfield code="a">7</subfield>
            <subfield code="b">cbc</subfield>
            <subfield code="c">orignew</subfield>
            <subfield code="d">u</subfield>
            <subfield code="e">ncip</subfield>
            <subfield code="f">19</subfield>
            <subfield code="g">y-gencatlg</subfield>
          </datafield>
          <datafield tag="010" ind1=" " ind2=" ">
            <subfield code="a">   76398079 </subfield>
          </datafield>
          <datafield tag="035" ind1=" " ind2=" ">
            <subfield code="9">(DLC)   76398079</subfield>
          </datafield>
          <datafield tag="040" ind1=" " ind2=" ">
            <subfield code="a">DLC</subfield>
            <subfield code="c">DLC</subfield>
            <subfield code="d">DLC</subfield>
          </datafield>
          <datafield tag="050" ind1="0" ind2="0">
            <subfield code="a">BS2550</subfield>
            <subfield code="b">.A2 1900z</subfield>
          </datafield>
          <datafield tag="130" ind1="0" ind2=" ">
            <subfield code="a">Bible.</subfield>
            <subfield code="p">Gospels.</subfield>
            <subfield code="l">Syriac.</subfield>
            <subfield code="s">Codex palimpsestus Sinaiticus.</subfield>
            <subfield code="f">19--.</subfield>
          </datafield>
          <datafield tag="245" ind1="1" ind2="4">
            <subfield code="a">The Old Syriac Gospels :</subfield>
            <subfield code="b">or, Evangelion da-Mepharreshê : being the text of the Sinai or Syro-Antiochene Palimpsest, including the latest additions and emendations, with the variants of the Curetonian text, corroborations from many other mss., and a list of quotations from ancient authors /</subfield>
            <subfield code="c">edited by Agnes Smith Lewis.</subfield>
          </datafield>
          <datafield tag="260" ind1=" " ind2=" ">
            <subfield code="a">[s.l. :</subfield>
            <subfield code="b">s.n.,</subfield>
            <subfield code="c">19--]</subfield>
          </datafield>
          <datafield tag="300" ind1=" " ind2=" ">
            <subfield code="a">433 p. in various pagings, [4] leaves of plates :</subfield>
            <subfield code="b">facsims. ;</subfield>
            <subfield code="c">31 cm.</subfield>
          </datafield>
          <datafield tag="504" ind1=" " ind2=" ">
            <subfield code="a">Includes bibliographical references.</subfield>
          </datafield>
          <datafield tag="700" ind1="1" ind2=" ">
            <subfield code="a">Lewis, Agnes Smith,</subfield>
            <subfield code="d">1843-1926.</subfield>
          </datafield>
          <datafield tag="991" ind1=" " ind2=" ">
            <subfield code="b">c-GenColl</subfield>
            <subfield code="h">BS2550</subfield>
            <subfield code="i">.A2 1900z</subfield>
            <subfield code="p">00002075271</subfield>
            <subfield code="t">Copy 1</subfield>
            <subfield code="w">BOOKS</subfield>
          </datafield>
        </record>
      </zs:recordData>
      <zs:recordPosition>6</zs:recordPosition>
    </zs:record>