
    <zs:record>
      <zs:recordSchema/>
      <zs:recordPacking>xml</zs:recordPacking>
      <zs:recordData>
        <record xmlns="http://www.loc.gov/MARC21/slim">
          <leader>01638cam a22003011  4500</leader>
          <controlfield tag="001">7724540</controlfield>
          <controlfield tag="005">20230911202849.0</controlfield>
          <controlfield tag="008">730614s1898    enk           000 0 eng  </controlfield>
          <datafield tag="906" ind1=" " ind2=" ">
            <subfield code="a">7</subfield>
            <subfield code="b">cbc</subfield>
            <subfield code="c">oclcrpl</subfield>
            <subfield code="d">u</subfield>
            <subfield code="e">ncip</subfield>
            <subfield code="f">19</subfield>
            <subfield code="g">y-gencatlg</subfield>
          </datafield>
          <datafield tag="010" ind1=" " ind2=" ">
            <subfield code="a">   01025161 </subfield>
          </datafield>
          <datafield tag="035" ind1=" " ind2=" ">
            <subfield code="9">(DLC)   01025161</subfield>
          </datafield>
          <datafield tag="035" ind1=" " ind2=" ">
            <subfield code="a">(OCoLC)643061</subfield>
          </datafield>
          <datafield tag="040" ind1=" " ind2=" ">
            <subfield code="a">DLC</subfield>
            <subfield code="c">OCH</subfield>
            <subfield code="d">OCoLC</subfield>
            <subfield code="d">TQG</subfield>
            <subfield code="d">DLC</subfield>
          </datafield>
          <datafield tag="041" ind1="1" ind2=" ">
            <subfield code="a">eng</subfield>
            <subfield code="a">ara</subfield>
            <subfield code="a">arm</subfield>
            <subfield code="a">grc</subfield>
            <subfield code="a">syr</subfield>
            <subfield code="h">ara</subfield>
            <subfield code="a">arm</subfield>
            <subfield code="a">gez</subfield>
            <subfield code="a">sla</subfield>
            <subfield code="a">syr</subfield>
          </datafield>
          <datafield tag="042" ind1=" " ind2=" ">
            <subfield code="a">premarc</subfield>
          </datafield>
          <datafield tag="050" ind1="0" ind2="0">
            <subfield code="a">PJ3087</subfield>
            <subfield code="b">.A5 1898</subfield>
          </datafield>
          <datafield tag="130" ind1="0" ind2=" ">
            <subfield code="a">Ahikar (Folktale)</subfield>
          </datafield>
          <datafield tag="245" ind1="1" ind2="4">
            <subfield code="a">The story of Aḥiḳar from the Syriac, Arabic, Armenian, Ethiopic, Greek and Slavonic versions,</subfield>
            <subfield code="c">by F.C. Conybeare, J. Rendel Harris, and Agnes Smith Lewis.</subfield>
          </datafield>
          <datafield tag="260" ind1=" " ind2=" ">
            <subfield code="a">London [etc.]</subfield>
            <subfield code="b">C.J. Clay and Sons,</subfield>
            <subfield code="c">1898.</subfield>
          </datafield>
          <datafield tag="300" ind1=" " ind2=" ">
            <subfield code="a">lxxxviii, 162 p., 1 l., [72] p.</subfield>
            <subfield code="c">23 cm.</subfield>
          </datafield>
          <datafield tag="500" ind1=" " ind2=" ">
            <subfield code="a">The introduction, by J. Rendel Harris, deals with the relation of the story of Aḥiḳar, found in the "Arabian nights" and elsewhere, to the apocryphal Book of Tobit; it also discusses the resemblance of Aḥiḳar to Loḳman and to Aesop, "two characters ... already shown to be identical".</subfield>
          </datafield>
          <datafield tag="505" ind1="0" ind2=" ">
            <subfield code="a">Introduction.--Slavonic translation.--Armenian translation.--Syriac translation.--Æthiopic translation.--Arabic translation.--Greek text.--Armenian text.--Syriac text.--Arabic text.</subfield>
          </datafield>
          <datafield tag="650" ind1=" " ind2="0">
            <subfield code="a">Comparative literature.</subfield>
          </datafield>
          <datafield tag="700" ind1="1" ind2=" ">
            <subfield code="a">Conybeare, F. C.</subfield>
            <subfield code="q">(Frederick Cornwallis),</subfield>
            <subfield code="d">1856-1924,</subfield>
            <subfield code="e">ed.</subfield>
          </datafield>
          <datafield tag="700" ind1="1" ind2=" ">
            <subfield code="a">Harris, J. Rendel</subfield>
            <subfield code="q">(James Rendel),</subfield>
            <subfield code="d">1852-1941,</subfield>
            <subfield code="e">joint ed.</subfield>
          </datafield>
          <datafield tag="700" ind1="1" ind2=" ">
            <subfield code="a">Lewis, Agnes Smith,</subfield>
            <subfield code="d">1843-1926,</subfield>
            <subfield code="e">joint ed.</subfield>
          </datafield>
          <datafield tag="985" ind1=" " ind2=" ">
            <subfield code="e">OCLC REPLACEMENT cdsdistr</subfield>
          </datafield>
          <datafield tag="991" ind1=" " ind2=" ">
            <subfield code="b">c-GenColl</subfield>
            <subfield code="h">PJ3087</subfield>
            <subfield code="i">.A5 1898</subfield>
            <subfield code="p">00012662026</subfield>
            <subfield code="t">Copy 1</subfield>
            <subfield code="w">OCLCREP</subfield>
          </datafield>
        </record>
      </zs:recordData>
      <zs:recordPosition>7</zs:recordPosition>
    </zs:record>