
    <zs:record>
      <zs:recordSchema/>
      <zs:recordPacking>xml</zs:recordPacking>
      <zs:recordData>
        <record xmlns="http://www.loc.gov/MARC21/slim">
          <leader>03769cam a2200397 a 4500</leader>
          <controlfield tag="001">14522110</controlfield>
          <controlfield tag="005">20070725164036.0</controlfield>
          <controlfield tag="008">060828s2007    cau      b    001 0 eng  </controlfield>
          <datafield tag="906" ind1=" " ind2=" ">
            <subfield code="a">7</subfield>
            <subfield code="b">cbc</subfield>
            <subfield code="c">orignew</subfield>
            <subfield code="d">1</subfield>
            <subfield code="e">ecip</subfield>
            <subfield code="f">20</subfield>
            <subfield code="g">y-gencatlg</subfield>
          </datafield>
          <datafield tag="925" ind1="0" ind2=" ">
            <subfield code="a">acquire</subfield>
            <subfield code="b">1 shelf copy</subfield>
            <subfield code="x">policy default</subfield>
          </datafield>
          <datafield tag="955" ind1=" " ind2=" ">
            <subfield code="a">sb39 2006-08-28</subfield>
            <subfield code="i">sb39 2006-08-28</subfield>
            <subfield code="e">sb21 2006-09-01 to Dewey</subfield>
            <subfield code="a">aa11 2006-09-02</subfield>
            <subfield code="a">ps12 2007-05-01 1 copy rec'd., to CIP ver.</subfield>
            <subfield code="f">sc02 2007-05-25 Z-CipVer</subfield>
            <subfield code="g">sc02 2007-05-25 to BCCD</subfield>
            <subfield code="a">aa23 2007-06-26</subfield>
          </datafield>
          <datafield tag="010" ind1=" " ind2=" ">
            <subfield code="a">  2006028263</subfield>
          </datafield>
          <datafield tag="015" ind1=" " ind2=" ">
            <subfield code="a">GBA6A6361</subfield>
            <subfield code="2">bnb</subfield>
          </datafield>
          <datafield tag="016" ind1="7" ind2=" ">
            <subfield code="a">013629702</subfield>
            <subfield code="2">Uk</subfield>
          </datafield>
          <datafield tag="020" ind1=" " ind2=" ">
            <subfield code="a">1412927528 (cloth : alk. paper)</subfield>
          </datafield>
          <datafield tag="020" ind1=" " ind2=" ">
            <subfield code="a">9781412927529 (cloth : alk. paper)</subfield>
          </datafield>
          <datafield tag="020" ind1=" " ind2=" ">
            <subfield code="a">1412927536 (pbk. :alk. paper)</subfield>
          </datafield>
          <datafield tag="020" ind1=" " ind2=" ">
            <subfield code="a">9781412927536 (pbk. :alk. paper)</subfield>
          </datafield>
          <datafield tag="035" ind1=" " ind2=" ">
            <subfield code="a">(OCoLC)ocm71245984</subfield>
          </datafield>
          <datafield tag="035" ind1=" " ind2=" ">
            <subfield code="a">(OCoLC)71245984</subfield>
            <subfield code="z">(OCoLC)77257451</subfield>
          </datafield>
          <datafield tag="040" ind1=" " ind2=" ">
            <subfield code="a">DLC</subfield>
            <subfield code="c">DLC</subfield>
            <subfield code="d">BAKER</subfield>
            <subfield code="d">UKM</subfield>
            <subfield code="d">C#P</subfield>
            <subfield code="d">YDXCP</subfield>
            <subfield code="d">BTCTA</subfield>
            <subfield code="d">DLC</subfield>
          </datafield>
          <datafield tag="050" ind1="0" ind2="0">
            <subfield code="a">LB2805</subfield>
            <subfield code="b">.G684 2007</subfield>
          </datafield>
          <datafield tag="082" ind1="0" ind2="0">
            <subfield code="a">371.2/011</subfield>
            <subfield code="2">22</subfield>
          </datafield>
          <datafield tag="100" ind1="1" ind2=" ">
            <subfield code="a">Gray, David L.,</subfield>
            <subfield code="d">1948-</subfield>
          </datafield>
          <datafield tag="245" ind1="1" ind2="0">
            <subfield code="a">Case studies in 21st century school administration :</subfield>
            <subfield code="b">addressing challenges for educational leadership /</subfield>
            <subfield code="c">David L. Gray, Agnes E. Smith.</subfield>
          </datafield>
          <datafield tag="246" ind1="3" ind2=" ">
            <subfield code="a">Case studies in twenty-first century school administration</subfield>
          </datafield>
          <datafield tag="260" ind1=" " ind2=" ">
            <subfield code="a">Thousand Oaks :</subfield>
            <subfield code="b">Sage Publications,</subfield>
            <subfield code="c">c2007.</subfield>
          </datafield>
          <datafield tag="300" ind1=" " ind2=" ">
            <subfield code="a">xiv, 208 p. ;</subfield>
            <subfield code="c">24 cm.</subfield>
          </datafield>
          <datafield tag="504" ind1=" " ind2=" ">
            <subfield code="a">Includes bibliographical references (p. 181-182) and index.</subfield>
          </datafield>
          <datafield tag="505" ind1="0" ind2=" ">
            <subfield code="a">Preface -- Acknowledgments -- A guide to using case studies -- A matrix of case studies -- Case 1: A teacher's absences create problems: holding teachers accountable for excessive absences -- Case 2: A good teacher turns bad: stress at home creates problems at school -- Case 3: Experienced teachers need clear expectations, too: handling conflicts with practiced educators -- Case 4: Grandmother's medicine: a medical emergency at school -- Case 5: Is dismissal justified? An effective teacher faces a moral issue -- Case 6: School property is missing: an employee is caught stealing -- Case 7: Who has the missing crayons? Dealing with chronic theft -- Case 8: A good student earns detention: poor grades for misbehavior at school -- Case 9: Copyright and the computer: regulations governing technology -- Case 10: Too much parent involvement! Organizations need boundaries -- Case 11: Double promotion? Parents want child to skip a grade -- Case 12: A problem with inclusion: inadequate resources for special education -- Case 13: Poor evaluations for a teacher: reassigning an ineffective educator -- Case 14: Missing booster club funds: athletic funds are missing -- Case 15: Mentoring new teachers: a transition to the classroom -- Case 16: A gift for the principal: "fringe" benefits? -- Case 17: Unprofessional behavior: a teacher retains a student who didn't fail -- Case 18: It all depends on the numbers: teacher success is based on test scores -- Case 19: All a's are not enough: rewards must be earned -- Case 20: The community won't understand: diversity becomes unpopular -- Case 21: Every day counts: school attendance is important -- Case 22: Illegal drugs at school: zero tolerance policies -- Case 23: Internet use violations: threats over the world wide web -- Bibliography -- Appendix A: ISLLC standards -- Appendix B: Annotated suggested readings -- Index -- About the authors.</subfield>
          </datafield>
          <datafield tag="650" ind1=" " ind2="0">
            <subfield code="a">School management and organization</subfield>
            <subfield code="v">Case studies.</subfield>
          </datafield>
          <datafield tag="650" ind1=" " ind2="0">
            <subfield code="a">School administrators</subfield>
            <subfield code="x">Training of.</subfield>
          </datafield>
          <datafield tag="700" ind1="1" ind2=" ">
            <subfield code="a">Smith, Agnes E.,</subfield>
            <subfield code="d">1949-</subfield>
          </datafield>
          <datafield tag="856" ind1="4" ind2="1">
            <subfield code="3">Table of contents only</subfield>
            <subfield code="u">http://www.loc.gov/catdir/toc/ecip0620/2006028263.html</subfield>
          </datafield>
          <datafield tag="856" ind1="4" ind2="2">
            <subfield code="3">Publisher description</subfield>
            <subfield code="u">http://www.loc.gov/catdir/enhancements/fy0728/2006028263-d.html</subfield>
          </datafield>
          <datafield tag="856" ind1="4" ind2="2">
            <subfield code="3">Contributor biographical information</subfield>
            <subfield code="u">http://www.loc.gov/catdir/enhancements/fy0734/2006028263-b.html</subfield>
          </datafield>
        </record>
      </zs:recordData>
      <zs:recordPosition>10</zs:recordPosition>
    </zs:record>