
    <zs:record>
      <zs:recordSchema/>
      <zs:recordPacking>xml</zs:recordPacking>
      <zs:recordData>
        <record xmlns="http://www.loc.gov/MARC21/slim">
          <leader>00823cam a22002291  4500</leader>
          <controlfield tag="001">9606714</controlfield>
          <controlfield tag="005">20130514125527.0</controlfield>
          <controlfield tag="008">770518s1898    enka          000 0 eng  </controlfield>
          <datafield tag="906" ind1=" " ind2=" ">
            <subfield code="a">7</subfield>
            <subfield code="b">cbc</subfield>
            <subfield code="c">oclcrpl</subfield>
            <subfield code="d">u</subfield>
            <subfield code="e">ncip</subfield>
            <subfield code="f">19</subfield>
            <subfield code="g">y-gencatlg</subfield>
          </datafield>
          <datafield tag="010" ind1=" " ind2=" ">
            <subfield code="a">   04029633 </subfield>
          </datafield>
          <datafield tag="035" ind1=" " ind2=" ">
            <subfield code="9">(DLC)   04029633</subfield>
          </datafield>
          <datafield tag="035" ind1=" " ind2=" ">
            <subfield code="a">(OCoLC)2974482</subfield>
          </datafield>
          <datafield tag="040" ind1=" " ind2=" ">
            <subfield code="a">DLC</subfield>
            <subfield code="c">NNU</subfield>
            <subfield code="d">DLC</subfield>
          </datafield>
          <datafield tag="050" ind1="0" ind2="0">
            <subfield code="a">DS110.5</subfield>
            <subfield code="b">.L67</subfield>
          </datafield>
          <datafield tag="100" ind1="1" ind2=" ">
            <subfield code="a">Lewis, Agnes Smith,</subfield>
            <subfield code="d">1843-1926.</subfield>
          </datafield>
          <datafield tag="245" ind1="1" ind2="0">
            <subfield code="a">In the shadow of Sinai;</subfield>
            <subfield code="b">a story of travel and research from 1895 to 1897,</subfield>
            <subfield code="c">by Agnes Smith Lewis.</subfield>
          </datafield>
          <datafield tag="260" ind1=" " ind2=" ">
            <subfield code="a">Cambridge,</subfield>
            <subfield code="b">Macmillan &amp; Bowes,</subfield>
            <subfield code="c">1898.</subfield>
          </datafield>
          <datafield tag="300" ind1=" " ind2=" ">
            <subfield code="a">xvi, 261 p.</subfield>
            <subfield code="b">front., illus.</subfield>
            <subfield code="c">20 cm.</subfield>
          </datafield>
          <datafield tag="651" ind1=" " ind2="0">
            <subfield code="a">Sinai (Egypt)</subfield>
            <subfield code="x">Description and travel.</subfield>
          </datafield>
          <datafield tag="630" ind1="0" ind2="0">
            <subfield code="a">Bible.</subfield>
            <subfield code="p">New Testament.</subfield>
            <subfield code="l">Syriac</subfield>
            <subfield code="x">Versions.</subfield>
          </datafield>
          <datafield tag="985" ind1=" " ind2=" ">
            <subfield code="e">OCLC REPLACEMENT</subfield>
          </datafield>
          <datafield tag="991" ind1=" " ind2=" ">
            <subfield code="b">c-GenColl</subfield>
            <subfield code="h">DS110.5</subfield>
            <subfield code="i">.L67</subfield>
            <subfield code="p">00025201991</subfield>
            <subfield code="t">Copy 1</subfield>
            <subfield code="w">OCLCREP</subfield>
          </datafield>
        </record>
      </zs:recordData>
      <zs:recordPosition>17</zs:recordPosition>
    </zs:record>