
    <zs:record>
      <zs:recordSchema/>
      <zs:recordPacking>xml</zs:recordPacking>
      <zs:recordData>
        <record xmlns="http://www.loc.gov/MARC21/slim">
          <leader>01036cam a2200253 a 4500</leader>
          <controlfield tag="001">13393798</controlfield>
          <controlfield tag="005">20130529121431.0</controlfield>
          <controlfield tag="008">031104r20021913gau      b    000 0 eng  </controlfield>
          <datafield tag="906" ind1=" " ind2=" ">
            <subfield code="a">7</subfield>
            <subfield code="b">cbc</subfield>
            <subfield code="c">orignew</subfield>
            <subfield code="d">2</subfield>
            <subfield code="e">ncip</subfield>
            <subfield code="f">20</subfield>
            <subfield code="g">y-gencatlg</subfield>
          </datafield>
          <datafield tag="925" ind1="0" ind2=" ">
            <subfield code="a">acquire</subfield>
            <subfield code="b">1 shelf copy</subfield>
            <subfield code="x">policy default</subfield>
          </datafield>
          <datafield tag="955" ind1=" " ind2=" ">
            <subfield code="a">pv19 2003-11-04 to SSCD</subfield>
            <subfield code="c">sh48 2003-12-02 (rev. sh13)</subfield>
            <subfield code="d">sh13 2004-08-16</subfield>
            <subfield code="e">sh04 2004-08-24 to Dewey</subfield>
            <subfield code="a">aa25 2004-09-17</subfield>
          </datafield>
          <datafield tag="010" ind1=" " ind2=" ">
            <subfield code="a">  2003279727</subfield>
          </datafield>
          <datafield tag="040" ind1=" " ind2=" ">
            <subfield code="a">DLC</subfield>
            <subfield code="c">DLC</subfield>
            <subfield code="d">DLC</subfield>
          </datafield>
          <datafield tag="050" ind1="0" ind2="0">
            <subfield code="a">BS2555</subfield>
            <subfield code="b">.L4 2002</subfield>
          </datafield>
          <datafield tag="082" ind1="0" ind2="0">
            <subfield code="a">226/.0436</subfield>
            <subfield code="2">22</subfield>
          </datafield>
          <datafield tag="100" ind1="1" ind2=" ">
            <subfield code="a">Lewis, Agnes Smith,</subfield>
            <subfield code="d">1843-1926.</subfield>
          </datafield>
          <datafield tag="245" ind1="1" ind2="0">
            <subfield code="a">Light on the four gospels from the Sinai palimpsest /</subfield>
            <subfield code="c">by Agnes Smith Lewis ; with introduction and commentary by Harvey J. Martin.</subfield>
          </datafield>
          <datafield tag="260" ind1=" " ind2=" ">
            <subfield code="a">[Savannah, GA :</subfield>
            <subfield code="b">Metamind Publications,</subfield>
            <subfield code="c">c2002].</subfield>
          </datafield>
          <datafield tag="300" ind1=" " ind2=" ">
            <subfield code="a">69, [19] leaves ;</subfield>
            <subfield code="c">28 cm.</subfield>
          </datafield>
          <datafield tag="500" ind1=" " ind2=" ">
            <subfield code="a">Cover title.</subfield>
          </datafield>
          <datafield tag="504" ind1=" " ind2=" ">
            <subfield code="a">Includes bibliographical references (leaf [19]).</subfield>
          </datafield>
          <datafield tag="630" ind1="0" ind2="0">
            <subfield code="a">Bible.</subfield>
            <subfield code="p">Gospels</subfield>
            <subfield code="x">Criticism, interpretation, etc.</subfield>
          </datafield>
          <datafield tag="630" ind1="0" ind2="0">
            <subfield code="a">Bible</subfield>
            <subfield code="x">Manuscripts, Syriac.</subfield>
          </datafield>
          <datafield tag="700" ind1="1" ind2=" ">
            <subfield code="a">Martin, Harvey,</subfield>
            <subfield code="d">1950-</subfield>
          </datafield>
        </record>
      </zs:recordData>
      <zs:recordPosition>19</zs:recordPosition>
    </zs:record>