
    <zs:record>
      <zs:recordSchema/>
      <zs:recordPacking>xml</zs:recordPacking>
      <zs:recordData>
        <record xmlns="http://www.loc.gov/MARC21/slim">
          <leader>00852cam a22002651  4500</leader>
          <controlfield tag="001">7303517</controlfield>
          <controlfield tag="005">20190118101527.0</controlfield>
          <controlfield tag="007">cr_|||||||||||</controlfield>
          <controlfield tag="008">880926s1915    cau           000 0 eng  </controlfield>
          <datafield tag="906" ind1=" " ind2=" ">
            <subfield code="a">7</subfield>
            <subfield code="b">cbc</subfield>
            <subfield code="c">oclcrpl</subfield>
            <subfield code="d">u</subfield>
            <subfield code="e">ncip</subfield>
            <subfield code="f">19</subfield>
            <subfield code="g">y-gencatlg</subfield>
          </datafield>
          <datafield tag="010" ind1=" " ind2=" ">
            <subfield code="a">   15022259 </subfield>
          </datafield>
          <datafield tag="035" ind1=" " ind2=" ">
            <subfield code="9">(DLC)   15022259</subfield>
          </datafield>
          <datafield tag="035" ind1=" " ind2=" ">
            <subfield code="a">(OCoLC)18528144</subfield>
          </datafield>
          <datafield tag="040" ind1=" " ind2=" ">
            <subfield code="a">DLC</subfield>
            <subfield code="c">RPB</subfield>
            <subfield code="d">RPB</subfield>
            <subfield code="d">DLC</subfield>
          </datafield>
          <datafield tag="042" ind1=" " ind2=" ">
            <subfield code="a">premarc</subfield>
          </datafield>
          <datafield tag="050" ind1="0" ind2="0">
            <subfield code="a">PS3537.M266</subfield>
            <subfield code="b">G4 1915</subfield>
          </datafield>
          <datafield tag="100" ind1="1" ind2=" ">
            <subfield code="a">Smith, Agnes Smith,</subfield>
            <subfield code="d">1862-</subfield>
          </datafield>
          <datafield tag="245" ind1="1" ind2="0">
            <subfield code="a">Gethsemane,</subfield>
            <subfield code="b">and other peoms,</subfield>
            <subfield code="c">by Mrs. Agnes Smith.</subfield>
          </datafield>
          <datafield tag="260" ind1=" " ind2=" ">
            <subfield code="a">San Diego, Cal.</subfield>
            <subfield code="b">[The Creller Press]</subfield>
            <subfield code="c">1915.</subfield>
          </datafield>
          <datafield tag="300" ind1=" " ind2=" ">
            <subfield code="a">69 p.</subfield>
            <subfield code="c">19 cm.</subfield>
          </datafield>
          <datafield tag="530" ind1=" " ind2=" ">
            <subfield code="a">Also available in digital form.</subfield>
          </datafield>
          <datafield tag="856" ind1="4" ind2="1">
            <subfield code="u">http://hdl.loc.gov/loc.gdc/scd0001.00183935719</subfield>
          </datafield>
          <datafield tag="985" ind1=" " ind2=" ">
            <subfield code="e">OCLC REPLACEMENT cdsdistr</subfield>
          </datafield>
          <datafield tag="991" ind1=" " ind2=" ">
            <subfield code="b">c-GenColl</subfield>
            <subfield code="h">PS3537.M266</subfield>
            <subfield code="i">G4 1915</subfield>
            <subfield code="t">Copy 1</subfield>
            <subfield code="w">OCLCREP</subfield>
          </datafield>
          <datafield tag="985" ind1=" " ind2=" ">
            <subfield code="a">massdig</subfield>
            <subfield code="e">sloan</subfield>
          </datafield>
        </record>
      </zs:recordData>
      <zs:recordPosition>32</zs:recordPosition>
    </zs:record>